@book{nygard2007release,
  title={Release it!: design and deploy production-ready software},
  author={Nygard, Michael},
  year={2007},
  publisher={Pragmatic Bookshelf}
}

@online{fowler2014blog,
	title = {CircuitBreaker},
	date = {2014-03-06},
	organization = {Martin Fowler},
	author = {Martin Fowler},
	url = {http://martinfowler.com/bliki/CircuitBreaker.html},
}

